<record><leader>00000cas a22000007a 4500</leader><controlfield tag="001">15967286</controlfield><controlfield tag="008">870615d18841886inuwr ne      0    0eng d</controlfield><controlfield tag="009">5452</controlfield><datafield ind1=" " ind2=" " tag="010"><subfield code="a">sn 87056113 </subfield></datafield><datafield ind1=" " ind2=" " tag="040"><subfield code="a">NPI</subfield><subfield code="b">eng</subfield><subfield code="c">NPI</subfield><subfield code="d">OCLCQ</subfield></datafield><datafield ind1=" " ind2=" " tag="042"><subfield code="a">msc</subfield></datafield><datafield ind1="0" ind2="0" tag="245"><subfield code="a">Rome City clipper.</subfield></datafield><datafield ind1=" " ind2=" " tag="260"><subfield code="a">Rome City, Ind. :</subfield><subfield code="b">Brook H. Bowman &amp; John E. Teal,</subfield><subfield code="c">1884-1886.</subfield></datafield><datafield ind1=" " ind2=" " tag="310"><subfield code="a">Weekly</subfield></datafield><datafield ind1="0" ind2=" " tag="362"><subfield code="a">Vol. 1, no. 1 (Sept. 9, 1884)-v. 2, no. 47 (Aug. 25, 1886).</subfield></datafield><datafield ind1=" " ind2=" " tag="752"><subfield code="a">United States</subfield><subfield code="b">Indiana</subfield><subfield code="c">Noble</subfield><subfield code="d">Rome City.</subfield></datafield></record>